@book{marino1995,
  author = {Marino, R. and Tomei, P.},
  title = {Nonlinear Control Design; Geometric, Adaptive \& Robust},
  publisher = {Prentice Hall},
  address = {London},
  year = {1995}
}

@book{isidori1995,
  author = {Isidori, A.},
  title = {Nonlinear Control Systems},
  edition = {3},
  publisher = {Springer},
  address = {London},
  year = {1995}
}